<record><leader>00000cas a2200000 a 4500</leader><controlfield tag="001">26380463</controlfield><controlfield tag="008">920812d19391941iluwr ne      0   a0eng c</controlfield><datafield ind1=" " ind2=" " tag="010"><subfield code="a">sn 92053336 </subfield></datafield><datafield ind1=" " ind2=" " tag="040"><subfield code="a">NVF</subfield><subfield code="b">eng</subfield><subfield code="c">NVF</subfield><subfield code="d">OCLCQ</subfield><subfield code="d">NVF</subfield><subfield code="d">OCLCO</subfield><subfield code="d">NVF</subfield><subfield code="d">OCLCO</subfield><subfield code="d">NVF</subfield><subfield code="d">OCLCO</subfield></datafield><datafield ind1=" " ind2=" " tag="042"><subfield code="a">pcc</subfield></datafield><datafield ind1=" " ind2=" " tag="043"><subfield code="a">n-us-il</subfield></datafield><datafield ind1="0" ind2="4" tag="245"><subfield code="a">The R.F.D. visitor.</subfield></datafield><datafield ind1="1" ind2=" " tag="246"><subfield code="i">Every second issue published as:</subfield><subfield code="a">Tri-town visitor</subfield><subfield code="f">Dec. 3, 1940-Jan. 28, 1941</subfield></datafield><datafield ind1="1" ind2=" " tag="246"><subfield code="i">Every second issue published as:</subfield><subfield code="a">Tri-towner</subfield><subfield code="f">Feb. 11-25, 1941</subfield></datafield><datafield ind1="1" ind2=" " tag="246"><subfield code="i">Every second issue published as:</subfield><subfield code="a">Tri-towner and R.F.D. visitor</subfield><subfield code="f">Mar. 11-25, 1941</subfield></datafield><datafield ind1="1" ind2=" " tag="246"><subfield code="i">Every second issue published as:</subfield><subfield code="a">Knox towner and R.F.D. visitor</subfield><subfield code="f">Apr. 8, 1941</subfield></datafield><datafield ind1="1" ind2=" " tag="246"><subfield code="i">Every second issue published as:</subfield><subfield code="a">Five towns and R.F.D. visitor</subfield><subfield code="f">Apr. 22, 1941</subfield></datafield><datafield ind1="1" ind2="3" tag="246"><subfield code="a">Tri towner and RFD visitor</subfield></datafield><datafield ind1="3" ind2=" " tag="246"><subfield code="a">Rural free delivery visitor</subfield></datafield><datafield ind1="3" ind2=" " tag="246"><subfield code="a">RFD visitor</subfield></datafield><datafield ind1="3" ind2=" " tag="246"><subfield code="a">R F D visitor</subfield></datafield><datafield ind1="3" ind2=" " tag="246"><subfield code="a">Tri town visitor</subfield></datafield><datafield ind1="3" ind2=" " tag="246"><subfield code="a">Tri towner</subfield></datafield><datafield ind1="3" ind2=" " tag="246"><subfield code="a">Tri towner and R.F.D. visitor</subfield></datafield><datafield ind1="3" ind2=" " tag="246"><subfield code="a">Tri towner and rural free delivery visitor</subfield></datafield><datafield ind1="3" ind2=" " tag="246"><subfield code="a">Tri towner and RFD visitor</subfield></datafield><datafield ind1="3" ind2=" " tag="246"><subfield code="a">Knox towner and rural free delivery visitor</subfield></datafield><datafield ind1="3" ind2=" " tag="246"><subfield code="a">Knox towner and RFD visitor</subfield></datafield><datafield ind1="3" ind2=" " tag="246"><subfield code="a">Knox towner and R F D visitor</subfield></datafield><datafield ind1="3" ind2=" " tag="246"><subfield code="a">Five towns and rural free delivery visitor</subfield></datafield><datafield ind1="3" ind2=" " tag="246"><subfield code="a">Five towns and RFD visitor</subfield></datafield><datafield ind1="3" ind2=" " tag="246"><subfield code="a">Five towns and R F D visitor</subfield></datafield><datafield ind1=" " ind2=" " tag="260"><subfield code="a">Galesburg, Ill. :</subfield><subfield code="b">Galesburg Post Pub. Co.,</subfield><subfield code="c">1939-1941.</subfield></datafield><datafield ind1=" " ind2=" " tag="300"><subfield code="a">v.</subfield></datafield><datafield ind1=" " ind2=" " tag="310"><subfield code="a">Weekly</subfield></datafield><datafield ind1="0" ind2=" " tag="362"><subfield code="a">Vol. 1, no. 1 (May 22, 1939)-v. 2, no. 41 (Apr. 29, 1941).</subfield></datafield><datafield ind1=" " ind2="0" tag="651"><subfield code="a">Galesburg (Ill.)</subfield><subfield code="v">Newspapers.</subfield></datafield><datafield ind1=" " ind2="0" tag="651"><subfield code="a">Wataga (Ill.)</subfield><subfield code="v">Newspapers.</subfield></datafield><datafield ind1=" " ind2="0" tag="651"><subfield code="a">Oneida (Ill.)</subfield><subfield code="v">Newspapers.</subfield></datafield><datafield ind1=" " ind2="0" tag="651"><subfield code="a">Altona (Ill.)</subfield><subfield code="v">Newspapers.</subfield></datafield><datafield ind1=" " ind2="0" tag="651"><subfield code="a">Victoria (Ill.)</subfield><subfield code="v">Newspapers.</subfield></datafield><datafield ind1=" " ind2="0" tag="651"><subfield code="a">Henderson (Knox County, Ill.)</subfield><subfield code="v">Newspapers.</subfield></datafield><datafield ind1=" " ind2="0" tag="651"><subfield code="a">Rio (Ill.)</subfield><subfield code="v">Newspapers.</subfield></datafield><datafield ind1=" " ind2="0" tag="651"><subfield code="a">Galesburg City (Ill. : Township)</subfield><subfield code="v">Newspapers.</subfield></datafield><datafield ind1=" " ind2="0" tag="651"><subfield code="a">Galesburg (Ill. : Township)</subfield><subfield code="v">Newspapers.</subfield></datafield><datafield ind1=" " ind2="0" tag="651"><subfield code="a">Knox County (Ill.)</subfield><subfield code="v">Newspapers.</subfield></datafield><datafield ind1=" " ind2=" " tag="752"><subfield code="a">United States</subfield><subfield code="b">Illinois</subfield><subfield code="c">Knox County</subfield><subfield code="d">Galesburg.</subfield></datafield><datafield ind1="0" ind2=" " tag="775"><subfield code="t">Galesburg post</subfield><subfield code="w">(DLC)sn 92053335</subfield><subfield code="w">(OCoLC)26380327</subfield></datafield><datafield ind1="0" ind2="0" tag="785"><subfield code="t">Five towns and R.F.D. visitor</subfield><subfield code="w">(DLC)sn 92053337</subfield><subfield code="w">(OCoLC)26380540</subfield></datafield></record>